<?xml version="1.0" encoding="UTF-8"?><collection xmlns="http://www.loc.gov/MARC21/slim"><record><leader>00517nam--2200169-u-4500</leader><controlfield tag="001">000054809</controlfield><controlfield tag="002">20161230</controlfield><controlfield tag="005">20161230201051</controlfield><controlfield tag="008">120614s1000------------r-----000-0-eng-d</controlfield><datafield ind1=" " ind2=" " tag="040"><subfield code="a">IFIN-HH</subfield></datafield><datafield ind1=" " ind2=" " tag="080"><subfield code="a">539.171</subfield></datafield><datafield ind1="1" ind2=" " tag="100"><subfield code="a">Langbein, W</subfield></datafield><datafield ind1="1" ind2="0" tag="245"><subfield code="a">Conformal mapping, algebraic parametrization and two variable expansion of many threshold scattering amplitudes</subfield><subfield code="c">W. langbein</subfield></datafield><datafield ind1=" " ind2=" " tag="260"><subfield code="a">Kaiserlautern</subfield><subfield code="b">Universitat Kaiserlautern</subfield><subfield code="c">1976</subfield></datafield><datafield ind1=" " ind2=" " tag="300"><subfield code="a">47P</subfield></datafield><datafield ind1=" " ind2=" " tag="852"><subfield code="a">43755</subfield><subfield code="c">539.17</subfield></datafield><datafield ind1=" " ind2=" " tag="CAT"><subfield code="a">Sys</subfield><subfield code="c">20120614</subfield><subfield code="h">171848</subfield></datafield></record></collection>